<?xml version="1.0" encoding="UTF-8"?><collection xmlns="http://www.loc.gov/MARC21/slim"><record><leader>00454nam--2200133-i-4500</leader><controlfield tag="001">000046155</controlfield><controlfield tag="002">20161230</controlfield><controlfield tag="005">20161230201045</controlfield><controlfield tag="008">060222s1000------------r-----000-0-eng-d</controlfield><datafield ind1=" " ind2=" " tag="080"><subfield code="a">620.179.1(043)</subfield></datafield><datafield ind1=" " ind2=" " tag="100"><subfield code="a">Vasiliu,Stanica</subfield></datafield><datafield ind1=" " ind2=" " tag="245"><subfield code="a">Contributii la aplicatiile ultrasunetelor in controlul nedistructiv al materialelor folosite in tehnologia nucleara. teza</subfield></datafield><datafield ind1=" " ind2=" " tag="260"><subfield code="a">Bucuresti, Comitetul De Stat Pentru Energia Nucleara, 1979. 145 P</subfield></datafield><datafield ind1=" " ind2=" " tag="852"><subfield code="a">46586</subfield></datafield></record></collection>